% ----------------JOSH'S DEFINES, --------------------- 

@misc{Nerode03,
    author={Nathanael Nerode},
    title={Why You Shouldn't Use the GNU FDL},
    howpublished={[web page] \url{http://home.twcny.rr.com/nerode/neroden/fdl.html}},
    year={Sept. 2003},
    note={[Accessed on 23 Feb. 2008.]},
};



@misc{Klein95,
    author={Dr. Claudio Klein},
    title={pck.c},
    howpublished={[web page] \url{http://www.ccp4.ac.uk/ccp4bin/viewcvs/ccp4/lib/DiffractionImage/}},
    year={Oct. 1995},
    note={[Accessed on 06 Feb. 2008.]},
};

@misc{Franklin05,
    author={W. Randolph Franklin},
    title={PNPOLY - Point Inclusion in Polygon Test},
    howpublished={[web page] \url{http://www.ecse.rpi.edu/Homepages/wrf/Research/Short\_Notes/pnpoly.html}},
    year={Oct. 2005},
    note={[Accessed on 06 Feb. 2008.]},
};

@misc{lourakis04LM,
    author={M.I.A. Lourakis},
    title={levmar: Levenberg-Marquardt nonlinear least squares algorithms in {C}/{C}++},
    howpublished={[web page] \url{http://www.ics.forth.gr/~lourakis/levmar/}},
    year={Jul. 2004},
    note={[Accessed on 06 Feb. 2008.]},
};



@techreport{Kumar05,
  author        = "Abhik Kumar",
  title         = "{A}nalysis {S}trategy of {P}owder {D}iffraction {D}ata with {2-D} {D}etector",
  institution   = "Office of {S}cience, {SULI} {P}rogram, {S}tanford {L}inear {A}ccelerator {C}enter",
  address       = "{M}enlo {P}ark, {CA}",
  type          = "{T}ech. {R}ep.",
  month         = dec,
  year          = "2005"
};

@book{Warren90,
  author = "{B}.{E}. {W}arren",
  title = "{X}-{R}ay {D}iffraction",
  publisher = "{D}over {P}ublications, {I}nc.",
  address = "New York",
  year = 1990
};

@standard{Mar345Format,
  title         = "{mar345\_formats}",
  organization  = "X-ray Research G.m.b.H.",
  url           = "http://www.mar-usa.com/support/downloads/mar345_formats.pdf",
  address       = "Hamburg, Germany",
  number        = "1",
  year          = "1997"
};



@electronic{PckCode,
  author        = "Dr. Claudio Klein",
  title         = "{pck.c}",
  url           = "http://www.ccp4.ac.uk/ccp4bin/viewcvs/ccp4/lib/DiffractionImage/MAR/pck.c",
  month         = oct,
  year          = "1995"
};

@electronic{levmar,
  author        = "Manolis Lourakis",
  title         = "levmar: Levenberg-Marquardt nonlinear least squares algorithms in C/C++",
  url           = "http://www.ics.forth.gr/~lourakis/levmar/",
  month         = jun,
  year          = "2006"
};
 

